

@article{reuillon2013openmole,
  title={OpenMOLE, a workflow engine specifically tailored for the distributed exploration of simulation models},
  author={Reuillon, Romain and Leclaire, Mathieu and Rey-Coyrehourcq, Sebastien},
  journal={Future Generation Computer Systems},
  volume={29},
  number={8},
  pages={1981--1990},
  year={2013},
  publisher={Elsevier}
}

@inproceedings{raimbault2020scala,
  title={A scala library for spatial sensitivity analysis},
  author={Raimbault, Juste and Perret, Julien and Reuillon, Romain},
  booktitle={28th GISRUK conference},
  pages={32--36},
  year={2020}
}

@incollection{raimbault2021modeling,
  title={Modeling the co-evolution of cities and networks},
  author={Raimbault, Juste},
  booktitle={Handbook of cities and networks},
  pages={166--193},
  year={2021},
  publisher={Edward Elgar Publishing}
}

@article{cottineau2015modular,
  title={A modular modelling framework for hypotheses testing in the simulation of urbanisation},
  author={Cottineau, Cl{\'e}mentine and Reuillon, Romain and Chapron, Paul and Rey-Coyrehourcq, S{\'e}bastien and Pumain, Denise},
  journal={Systems},
  volume={3},
  number={4},
  pages={348--377},
  year={2015},
  publisher={MDPI}
}


@inproceedings{raimbault2020model,
  title={A model of urban evolution based on innovation diffusion},
  author={Raimbault, Juste},
  booktitle={Artificial Life Conference Proceedings 32},
  pages={500--508},
  year={2020},
  organization={MIT Press, Cambridge}
}

@incollection{raimbault2021spatial,
  title={Spatial dynamics of complex urban systems within an evolutionary theory frame},
  author={Raimbault, Juste and Pumain, Denise},
  booktitle={Handbook on Entropy, Complexity and Spatial Dynamics},
  pages={175--195},
  year={2021},
  publisher={Edward Elgar Publishing}
}


@article{swerts2017data,
  title={A data base on Chinese urbanization: ChinaCities},
  author={Swerts, Elfie},
  journal={Cybergeo: European Journal of Geography},
  year={2017},
  publisher={CNRS-UMR G{\'e}ographie-cit{\'e}s 8504}
}


@article{rosas2020reconciling,
  title={Reconciling emergences: An information-theoretic approach to identify causal emergence in multivariate data},
  author={Rosas, Fernando E and Mediano, Pedro AM and Jensen, Henrik J and others},
  journal={PLoS computational biology},
  volume={16},
  number={12},
  pages={e1008289},
  year={2020},
  publisher={Public Library of Science San Francisco, CA USA}
}


@inproceedings{raimbault2023innovation,
  title={Innovation dynamics in multi-scalar systems of cities},
  author={Raimbault, Juste and Pumain, Denise},
  booktitle={Artificial Life Conference Proceedings 35},
  volume={2023},
  number={1},
  pages={143},
  year={2023},
  organization={MIT Press, Cambridge}
}


@article{raimbault2022complex,
  title={Complex systems science and urban science: towards applications to sustainability trade-offs in territorial systems},
  author={Raimbault, Juste and Pumain, Denise},
  journal={arXiv preprint arXiv:2209.07373},
  year={2022}
}


@article{raimbault2022trade,
  title={Trade-offs between sustainable development goals in systems of cities},
  author={Raimbault, Juste and Pumain, Denise},
  journal={Journal of Urban Management},
  volume={11},
  number={2},
  pages={237--245},
  year={2022},
  publisher={Elsevier}
}

@incollection{pumain2011multi,
  title={Multi-agent system modelling for urban systems: The series of simpop models},
  author={Pumain, Denise},
  booktitle={Agent-based models of geographical systems},
  pages={721--738},
  year={2011},
  publisher={Springer}
}


@article{zhao2021synergies,
  title={Synergies and tradeoffs among Sustainable Development Goals across boundaries in a metacoupled world},
  author={Zhao, Zhiqiang and Cai, Meng and Wang, Fang and others},
  journal={Science of the Total Environment},
  volume={751},
  pages={141749},
  year={2021},
  publisher={Elsevier}
}

@article{vaughan2011challenges,
  title={The challenges of understanding urban segregation},
  author={Vaughan, Laura and Arbaci, Sonia},
  journal={Built Environment},
  volume={37},
  number={2},
  pages={128--138},
  year={2011},
  publisher={Alexandrine Press}
}

@article{naess2020urban,
  title={Urban sustainability: is densification sufficient?},
  author={N{\ae}ss, Petter and Saglie, Inger-Lise and Richardson, Tim},
  journal={European Planning Studies},
  volume={28},
  number={1},
  pages={146--165},
  year={2020},
  publisher={Taylor \& Francis}
}


@incollection{pumain2008socio,
  title={The socio-spatial dynamics of systems of cities and innovation processes: a multi-level model},
  author={Pumain, Denise},
  booktitle={The dynamics of complex urban systems: An interdisciplinary approach},
  pages={373--389},
  year={2008},
  publisher={Springer}
}


